<record><leader>00000cas a2200000 a 4500</leader><controlfield tag="001">11298907</controlfield><controlfield tag="008">841023d19011901ksuwr ne      0   a0eng d</controlfield><datafield ind1=" " ind2=" " tag="010"><subfield code="a">sn 84029956 </subfield></datafield><datafield ind1=" " ind2=" " tag="040"><subfield code="a">KSH</subfield><subfield code="b">eng</subfield><subfield code="c">KSH</subfield><subfield code="d">NPT</subfield><subfield code="d">OCL</subfield><subfield code="d">OCLCQ</subfield></datafield><datafield ind1=" " ind2=" " tag="042"><subfield code="a">msc</subfield></datafield><datafield ind1="0" ind2=" " tag="130"><subfield code="a">Searchlight (Lane, Kan.)</subfield></datafield><datafield ind1="1" ind2="4" tag="245"><subfield code="a">The searchlight.</subfield></datafield><datafield ind1=" " ind2=" " tag="260"><subfield code="a">Lane, Kan. :</subfield><subfield code="b">O.W. Kingsbury,</subfield><subfield code="c">1901.</subfield></datafield><datafield ind1=" " ind2=" " tag="300"><subfield code="a">v. ;</subfield><subfield code="c">56 cm.</subfield></datafield><datafield ind1=" " ind2=" " tag="310"><subfield code="a">Weekly</subfield></datafield><datafield ind1="0" ind2=" " tag="362"><subfield code="a">Vol. 1, no. 1 (Mar. 1, 1901)-v. 1, no. 13 (May 24, 1901).</subfield></datafield><datafield ind1=" " ind2=" " tag="500"><subfield code="a">"Populist."</subfield></datafield><datafield ind1=" " ind2=" " tag="752"><subfield code="a">United States</subfield><subfield code="b">Kansas</subfield><subfield code="c">Franklin</subfield><subfield code="d">Lane.</subfield></datafield><datafield ind1="0" ind2="0" tag="785"><subfield code="t">Paola times</subfield><subfield code="w">(DLC)sn 85030321</subfield></datafield></record>